@inproceedings{sankar2020image,
  title={Image Colorization Using GANs and Perceptual Loss},
  author={Sankar, Rahul and Nair, Ashwin and Abhinav, Prince and Mothukuri, Siva Krishna P and Koolagudi, Shashidhar G},
  booktitle={2020 International Conference on Artificial Intelligence and Signal Processing (AISP)},
  pages={1--4},
  year={2020},
  organization={IEEE}
}
@inproceedings{he2021colorization,
  title={Colorization of Anime Gray Images via Generative Adversarial Networks},
  author={He, Xinyu and Lu, Yikun and Yang, Yuxin},
  booktitle={2021 IEEE International Conference on Computer Science, Electronic Information Engineering and Intelligent Control Technology (CEI)},
  pages={530--535},
  year={2021},
  organization={IEEE}
}
@inproceedings{ashwini2022coloring,
  title={Coloring an Image Using Generative Adversarial Networks (GAN)},
  author={Ashwini, K and Pasham, Rahul Reddy and Sameer, MD},
  booktitle={2022 IEEE International Conference on Distributed Computing and Electrical Circuits and Electronics (ICDCECE)},
  pages={1--5},
  year={2022},
  organization={IEEE}
}
@inproceedings{puspaningrum2021auto,
  title={Auto-Image Colorization Of Grayscale Images Using Machine Learning Techniques},
  author={Puspaningrum, Eva Y and Saputra, Wahyu SJ and Setiawan, Ariyono},
  booktitle={2021 IEEE 7th Information Technology International Seminar (ITIS)},
  pages={1--5},
  year={2021},
  organization={IEEE}
}
